5180B48474647000101210      ESCUELAS INTERNACIONALES E.I.D.E.  S.L.                     20950554                                                                  
5380B48474647000101210101210ESCUELAS INTERNACIONALES E.I.D.E.  S.L. 20950554173830544084        01                                                                
5680B48474647000000008004026MIRIAM RODRIGUEZ PARIS                  0019023811401001664300000065001012100000004026CUOTA IDIOMAS DICIEMBRE 2010                    
5680B48474647000000008005509LARA CASADO CONDE                       0019023811401002319000000065001012100000005509CUOTA IDIOMAS DICIEMBRE 2010                    
5680B48474647000000008005480VANESA MARQUEZ MANTEIGA                 0030823008000009927100000074001012100000005480CUOTA IDIOMAS DICIEMBRE 2010                    
5680B48474647000000008005545IZARO CASTRO COTERILLO                  0030343281000017827100000047001012100000005545CUOTA IDIOMAS DICIEMBRE 2010                    
5680B48474647000000008005234ANNA WU YANG                            0030823155000020927200000065001012100000005234CUOTA IDIOMAS DICIEMBRE 2010                    
5680B48474647000000008005371MAIALEN APARICIO CERME벮                0030343282000021427100000071001012100000005371CUOTA IDIOMAS DICIEMBRE 2010                    
5680B48474647000000008004899LEIRE RODRIGUEZ SAN JOSE                0030343282000028927200000055001012100000004899CUOTA IDIOMAS DICIEMBRE 2010                    
5680B48474647000000008004966JON LASALA MONGE                        0030343284000029127100000055001012100000004966CUOTA IDIOMAS DICIEMBRE 2010                    
5680B48474647000000008005393NEREA LASALA MONGE                      0030343284000029127100000047001012100000005393CUOTA IDIOMAS DICIEMBRE 2010                    
5680B48474647000000008005476LOREA SANCHEZ LASALA                    0030343285038691627300000047001012100000005476CUOTA IDIOMAS DICIEMBRE 2010                    
5680B48474647000000008004057YAIZA SERRA UNANUE                      0030343285038711127300000074001012100000004057CUOTA IDIOMAS DICIEMBRE 2010                    
5680B48474647000000008005478SHEILA SERRA UNANUE                     0030343285038711127300000047001012100000005478CUOTA IDIOMAS DICIEMBRE 2010                    
5680B48474647000000008005232AMAIA ULAYAR GODOY                      0030343283038767427300000065001012100000005232CUOTA IDIOMAS DICIEMBRE 2010                    
5680B48474647000000008005469ENERITZ CABALLERO POSTIGO               0030343287039505827300000047001012100000005469CUOTA IDIOMAS DICIEMBRE 2010                    
5680B48474647000000008005416ADRIANA ECHEVARRIA MATEOS               0030343285085000327300000065001012100000005416CUOTA IDIOMAS DICIEMBRE 2010                    
5680B48474647000000008004895LEIRE DOMINGUEZ ALONSO                  0042021099021001039400000074001012100000004895CUOTA IDIOMAS DICIEMBRE 2010                    
5680B48474647000000008005188IRENE DOMINGUEZ ALONSO                  0042021099021001039400000074001012100000005188CUOTA IDIOMAS DICIEMBRE 2010                    
5680B48474647000000008005422AINHOA BARRIO UGIDOS                    0049602829209000187900000000001012100000005422CUOTA IDIOMAS DICIEMBRE 2010                    
5680B48474647000000008005236SIQING WU YANG                          0049527465209428216200000065001012100000005236CUOTA IDIOMAS DICIEMBRE 2010                    
5680B48474647000000008005465ALEJANDRO AGUERO MORENO                 0049571745229500216400000047001012100000005465CUOTA IDIOMAS DICIEMBRE 2010                    
5680B48474647000000008005485ALBA HIERRO URIARTE                     0049061480239043594100000055001012100000005485CUOTA IDIOMAS DICIEMBRE 2010                    
5680B48474647000000008005486JULEN HIERRO URIARTE                    0049061480239043594100000065001012100000005486CUOTA IDIOMAS DICIEMBRE 2010                    
5680B48474647000000008005212AITZIBER MATOS BRUNA                    0049527461249500015200000055001012100000005212CUOTA IDIOMAS DICIEMBRE 2010                    
5680B48474647000000008004878I벨GO NU벤Z PEREDA                      0049541350261140954400000071001012100000004878CUOTA IDIOMAS DICIEMBRE 2010                    
5680B48474647000000008005106IKER NU벤Z PEREDA                       0049541350261140954400000055001012100000005106CUOTA IDIOMAS DICIEMBRE 2010                    
5680B48474647000000008005355MARINO PEREDA SAN MIGUEL                0049567361261601647700000055001012100000005355CUOTA IDIOMAS DICIEMBRE 2010                    
5680B48474647000000008005543IENEGO BULUKUA LACHEN                   0049541351279502216000000070001012100000005543CUOTA IDIOMAS DICIEMBRE 2010                    
5680B48474647000000008004597ASTRID ZABALA LEGARCON                  0050998770020031937400000071001012100000004597CUOTA IDIOMAS DICIEMBRE 2010                    
5680B48474647000000008005451ALVARO REY DEL BARCO                    0072066441000020064600000055001012100000005451CUOTA IDIOMAS DICIEMBRE 2010                    
5680B48474647000000008005468PAULA PE베 ELENO                        0072066593000020169500000055001012100000005468CUOTA IDIOMAS DICIEMBRE 2010                    
5680B48474647000000008005367NATALIA PAZ MARTIN                      0072066255000020546800000065001012100000005367CUOTA IDIOMAS DICIEMBRE 2010                    
5680B48474647000000008005208JOSE ANGEL ESTEBAN ITURBE               0075026950070026390400000074001012100000005208CUOTA IDIOMAS DICIEMBRE 2010                    
5680B48474647000000008005115JOSU GARCIA PE베                        0128631348010000036100000071001012100000005115CUOTA IDIOMAS DICIEMBRE 2010                    
5680B48474647000000008005600JOSU GARCIA PE베                        0128631348010000036100000070001012100000005600CUOTA IDIOMAS DICIEMBRE 2010                    
5680B48474647000000008005195CAMILA CARDONA GARCIA                   0128030024010001155400000047001012100000005195CUOTA IDIOMAS DICIEMBRE 2010                    
5680B48474647000000008005219MIKEL FERNANDEZ OLAIZOLA                0128600172010001389500000047001012100000005219CUOTA IDIOMAS DICIEMBRE 2010                    
5680B48474647000000008001094ARANTZA URGEL BA벮S                     0128030029010001833700000070001012100000001094CUOTA IDIOMAS DICIEMBRE 2010                    
5680B48474647000000008005579ANGEL VELEZ LUBIAN                      0128030028010004875200000074001012100000005579CUOTA IDIOMAS DICIEMBRE 2010                    
5680B48474647000000008005452ESTIBALIZ ATARES MEDEM                  0128870015010299906300000000001012100000005452CUOTA IDIOMAS DICIEMBRE 2010                    
5680B48474647000000008005409LEIRE CAMACHO LARRONDO                  0128031865010420959100000055001012100000005409CUOTA IDIOMAS DICIEMBRE 2010                    
5680B48474647000000008005410AITOR CAMACHO LARRONDO                  0128031865010420959100000071001012100000005410CUOTA IDIOMAS DICIEMBRE 2010                    
5680B48474647000000008005584MARIBEL AGUDO FERNANDEZ                 0128030215010544895300000070001012100000005584CUOTA IDIOMAS DICIEMBRE 2010                    
5680B48474647000000008005518MARTINA MORENO URCELAY                  0128031862010720621400000047001012100000005518CUOTA IDIOMAS DICIEMBRE 2010                    
5680B48474647000000008005190LEIRE SAN MIGUEL RIBERA                 0138003852002040878200000070001012100000005190CUOTA IDIOMAS DICIEMBRE 2010                    
5680B48474647000000008005201LEIRE SAN MIGUEL RIBERA                 0138003852002040878200000071001012100000005201CUOTA IDIOMAS DICIEMBRE 2010                    
5680B48474647000000008005279ANE SAN MIGUEL RIBERA                   0138003852002040878200000033001012100000005279CUOTA IDIOMAS DICIEMBRE 2010                    
5680B48474647000000008005500ANE SAN MIGUEL RIBERA                   0138003852002040878200000065001012100000005500CUOTA IDIOMAS DICIEMBRE 2010                    
5680B48474647000000008005072MARTIN IZAGUIRRE SALGADO                0182496020001004208400000055001012100000005072CUOTA IDIOMAS DICIEMBRE 2010                    
5680B48474647000000008005073ALVARO IZAGUIRRE SALGADO                0182496020001004208400000065001012100000005073CUOTA IDIOMAS DICIEMBRE 2010                    
5680B48474647000000008005099JORGE GUTIERREZ CODESAL                 0182008644001164133300000055001012100000005099CUOTA IDIOMAS DICIEMBRE 2010                    
5680B48474647000000008005100ANDRES GUTIERREZ CODESAL                0182008644001164133300000055001012100000005100CUOTA IDIOMAS DICIEMBRE 2010                    
5680B48474647000000008003330MARTA MORENO RODRIGUEZ                  0182496026020000467200000074001012100000003330CUOTA IDIOMAS DICIEMBRE 2010                    
5680B48474647000000008005574AITOR MORENO RODRIGUEZ                  0182496026020000467200000074001012100000005574CUOTA IDIOMAS DICIEMBRE 2010                    
5680B48474647000000008003068I벨GO COBO MARTIN                       0182496025020007033200000000001012100000003068CUOTA IDIOMAS DICIEMBRE 2010                    
5680B48474647000000008004582I벨GO COBO MARTIN                       0182496025020007033200000074001012100000004582CUOTA IDIOMAS DICIEMBRE 2010                    
5680B48474647000000008005145JON LACHEN LEAL                         0182496023020028983900000074001012100000005145CUOTA IDIOMAS DICIEMBRE 2010                    
5680B48474647000000008004676ERLANTZ BICARREGUI PEREZ                0182496029020031991400000071001012100000004676CUOTA IDIOMAS DICIEMBRE 2010                    
5680B48474647000000008004915IVAN URUE베 PEREZ                       0182496024020150463800000055001012100000004915CUOTA IDIOMAS DICIEMBRE 2010                    
5680B48474647000000008005124QUIRINO COLLANTES VIDAL                 0182176149020150988400000074001012100000005124CUOTA IDIOMAS DICIEMBRE 2010                    
5680B48474647000000008005442NEREA GARCIA PEDROSA                    0182036226020151159500000047001012100000005442CUOTA IDIOMAS DICIEMBRE 2010                    
5680B48474647000000008005492IGOR FERNANDEZ GARCIA                   0182176015020152202400000032501012100000005492CUOTA IDIOMAS DICIEMBRE 2010                    
5680B48474647000000008005285URTZI MIGUELEZ VALLEJO                  0182123521020152269000000000001012100000005285CUOTA IDIOMAS DICIEMBRE 2010                    
5680B48474647000000008005548CLAUDIA AMEZQUITA PALOMINO              0182066199020154439100000065001012100000005548CUOTA IDIOMAS DICIEMBRE 2010                    
5680B48474647000000008005528EDER OSUNA REVILLA                      0182496025020155222400000074001012100000005528CUOTA IDIOMAS DICIEMBRE 2010                    
5680B48474647000000008004384AINHOA BLANCO LARRAURI                  0182496029020157174200000074001012100000004384CUOTA IDIOMAS DICIEMBRE 2010                    
5680B48474647000000008005538AITOR BLANCO LARRAURI                   0182496029020157174200000074001012100000005538CUOTA IDIOMAS DICIEMBRE 2010                    
5680B48474647000000008005313AITOR GARCIA FERNANDEZ                  0182121961020157776800000047001012100000005313CUOTA IDIOMAS DICIEMBRE 2010                    
5680B48474647000000008005602ANGEL NAVAS GARAY                       0182078026020163688500000070001012100000005602CUOTA IDIOMAS DICIEMBRE 2010                    
5680B48474647000000008005582JOSU DIAZ GOMEZ                         0182496026020801308500000074001012100000005582CUOTA IDIOMAS DICIEMBRE 2010                    
5680B48474647000000008004354IKER GONZALEZ RIBADULLA                 1302474479280159584200000071001012100000004354CUOTA IDIOMAS DICIEMBRE 2010                    
5680B48474647000000008004867BELEN GONZALEZ RIBADULLA                1302474479280159584200000055001012100000004867CUOTA IDIOMAS DICIEMBRE 2010                    
5680B48474647000000008004516LARA PRESNO LOPEZ                       1465010097170250779300000074001012100000004516CUOTA IDIOMAS DICIEMBRE 2010                    
5680B48474647000000008004522CRISTIAN PRESNO LOPEZ                   1465010097170250779300000074001012100000004522CUOTA IDIOMAS DICIEMBRE 2010                    
5680B48474647000000008005552IKER OYANGUREN AZKUE                    1465010097170364683300000074001012100000005552CUOTA IDIOMAS DICIEMBRE 2010                    
5680B48474647000000008005520ANE IZAGUIRRE SANCHE                    1465010097170369681300000071001012100000005520CUOTA IDIOMAS DICIEMBRE 2010                    
5680B48474647000000008005510MAIALEN HUERGA EGUIZABAL                1465010096170501706400000065001012100000005510CUOTA IDIOMAS DICIEMBRE 2010                    
5680B48474647000000008005561OSCAR PEREZ BARRIO                      1465010091170697366000000000001012100000005561CUOTA IDIOMAS DICIEMBRE 2010                    
5680B48474647000000008005267LEIRE BASTIDA MERINO                    1465010093170723801700000000001012100000005267CUOTA IDIOMAS DICIEMBRE 2010                    
5680B48474647000000008005391JESUS GARCIA DOMINGO                    1465010097170828535300000074001012100000005391CUOTA IDIOMAS DICIEMBRE 2010                    
5680B48474647000000008005489IKER FRADE GUARROTXENA                  1465010094170841942600000055001012100000005489CUOTA IDIOMAS DICIEMBRE 2010                    
5680B48474647000000008005498ESTIBALIZ VARELA ETXEGARAI              1465010099170947055100000065001012100000005498CUOTA IDIOMAS DICIEMBRE 2010                    
5680B48474647000000008005121OSCAR RUESGAS ABASCAL                   2013159510020008107300000071001012100000005121CUOTA IDIOMAS DICIEMBRE 2010                    
5680B48474647000000008005577NAIARA AMILIBIA SANTOS                  2038422820300002055800000070001012100000005577CUOTA IDIOMAS DICIEMBRE 2010                    
5680B48474647000000008004917MARIA BERNABE UBIETA                    2038422824300002366300000074001012100000004917CUOTA IDIOMAS DICIEMBRE 2010                    
5680B48474647000000008005470XABIER IZQUIERDO SALVADOR               2038421288300015118800000065001012100000005470CUOTA IDIOMAS DICIEMBRE 2010                    
5680B48474647000000008005495MARIA CARCEDO HERRERO                   2038421327600007945400000065001012100000005495CUOTA IDIOMAS DICIEMBRE 2010                    
5680B48474647000000008004599LAURA SANCHEZ BRAVO                     2054207284914805693800000074001012100000004599CUOTA IDIOMAS DICIEMBRE 2010                    
5680B48474647000000008005533MIRIAM RODRIGUEZ GOMEZ                  2054017919914841685700000074001012100000005533CUOTA IDIOMAS DICIEMBRE 2010                    
5680B48474647000000008002694IRENE PEDRERO FERNANDEZ                 2054205578915319030500000074001012100000002694CUOTA IDIOMAS DICIEMBRE 2010                    
5680B48474647000000008005184ALICIA PE베 GARCIA                      2066006620090016714000000000001012100000005184CUOTA IDIOMAS DICIEMBRE 2010                    
5680B48474647000000008005370ALICIA MENENDEZ PEREZ                   2077125413110002741200000074001012100000005370CUOTA IDIOMAS DICIEMBRE 2010                    
5680B48474647000000008004877ALVARO QUERENDEZ FERNANDEZ              2091063119300003707100000074001012100000004877CUOTA IDIOMAS DICIEMBRE 2010                    
5680B48474647000000008005408GONZALO QUERENDEZ FERNANEZ              2091063119300003707100000071001012100000005408CUOTA IDIOMAS DICIEMBRE 2010                    
5680B48474647000000008005354ESTIBALIZ FERNANDEZ PALACIOS            2091063071300004394900000074001012100000005354CUOTA IDIOMAS DICIEMBRE 2010                    
5680B48474647000000008004461MONICA ALONSO DEHESA                    2095006535100226227700000071001012100000004461CUOTA IDIOMAS DICIEMBRE 2010                    
5680B48474647000000008005071ERIK COEDO URDIALES                     2095025728100245306600000074001012100000005071CUOTA IDIOMAS DICIEMBRE 2010                    
5680B48474647000000008005000MAIDER IBA벤Z CUESTA                    2095009408100290239300000071001012100000005000CUOTA IDIOMAS DICIEMBRE 2010                    
5680B48474647000000008005082IKER IBA벤Z CUESTA                      2095009408100290239300000055001012100000005082CUOTA IDIOMAS DICIEMBRE 2010                    
5680B48474647000000008005604ITSASNE IRATORZA ARENAS                 2095019311100318981800000047001012100000005604CUOTA IDIOMAS DICIEMBRE 2010                    
5680B48474647000000008005369JOSUNE PUENTE MATANZAS                  2095006344100452336100000065001012100000005369CUOTA IDIOMAS DICIEMBRE 2010                    
5680B48474647000000008005209OIHANE GARCIA RUIZ                      2095006532100480609700000071001012100000005209CUOTA IDIOMAS DICIEMBRE 2010                    
5680B48474647000000008005093NAIARA CORREA MARCOS                    2095023825100564751600000074001012100000005093CUOTA IDIOMAS DICIEMBRE 2010                    
5680B48474647000000008005549AINTZANE GARCIA ROMERO                  2095008966100642230700000000001012100000005549CUOTA IDIOMAS DICIEMBRE 2010                    
5680B48474647000000008005467MELANIA CAMPO PE베                      2095006538100724301700000065001012100000005467CUOTA IDIOMAS DICIEMBRE 2010                    
5680B48474647000000008005356ANDREA FERNANDEZ MARCOS                 2095006530100739883700000055001012100000005356CUOTA IDIOMAS DICIEMBRE 2010                    
5680B48474647000000008004289ARANTZA GARCIA MARTINEZ                 2095009408100759910300000074001012100000004289CUOTA IDIOMAS DICIEMBRE 2010                    
5680B48474647000000008004920ANDER RANGIL NIETO                      2095005606100787256700000074001012100000004920CUOTA IDIOMAS DICIEMBRE 2010                    
5680B48474647000000008004587PATRICIA SILES HINOJOSA                 2095025726100813506300000071001012100000004587CUOTA IDIOMAS DICIEMBRE 2010                    
5680B48474647000000008005387IGONE CARTON GASTIASORO                 2095008779100855366100000074001012100000005387CUOTA IDIOMAS DICIEMBRE 2010                    
5680B48474647000000008004552LAURA VILLALBA CORDON                   2095009406100858043300000071001012100000004552CUOTA IDIOMAS DICIEMBRE 2010                    
5680B48474647000000008005557IRENE ALONSO CARTON                     2095006531100860349000000074001012100000005557CUOTA IDIOMAS DICIEMBRE 2010                    
5680B48474647000000008005575LUCIA PEREZ MATESANZ                    2095006534100893648600000065001012100000005575CUOTA IDIOMAS DICIEMBRE 2010                    
5680B48474647000000008004870ITZIAR FLORES ALONSO                    2095009407100921989000000071001012100000004870CUOTA IDIOMAS DICIEMBRE 2010                    
5680B48474647000000008004317ARIANE FERNANDEZ GONZALEZ               2095006531100936230200000071001012100000004317CUOTA IDIOMAS DICIEMBRE 2010                    
5680B48474647000000008005261ARANTXA ORTIZ DE ZARATE ROMO            2095025729100951960400000074001012100000005261CUOTA IDIOMAS DICIEMBRE 2010                    
5680B48474647000000008004307ASIER GONZALEZ TORRE                    2095023829100953730900000074001012100000004307CUOTA IDIOMAS DICIEMBRE 2010                    
5680B48474647000000008004046JON MENTXAKA SALGADO                    2095006538100953857000000071001012100000004046CUOTA IDIOMAS DICIEMBRE 2010                    
5680B48474647000000008005231JORGE MENTXAKA SALGADO                  2095006538100953857000000055001012100000005231CUOTA IDIOMAS DICIEMBRE 2010                    
5680B48474647000000008005450EUKENE GONZALEZ PAJARES                 2095008961100968517300000065001012100000005450CUOTA IDIOMAS DICIEMBRE 2010                    
5680B48474647000000008005554DANIEL FERNANDEZ MEDIAVILLA             2095019311100974043200000071001012100000005554CUOTA IDIOMAS DICIEMBRE 2010                    
5680B48474647000000008005588ALEJANDRO BURON PE베FIEL                2095032745100982237000000240001012100000005588CUOTA IDIOMAS DICIEMBRE 2010                    
5680B48474647000000008005589EDUARDO POLANCO CA벨ZAL                 2095008622100986882900000074001012100000005589CUOTA IDIOMAS DICIEMBRE 2010                    
5680B48474647000000008005491IRUNE FRAILE ALONSO                     2095006532101009265800000074001012100000005491CUOTA IDIOMAS DICIEMBRE 2010                    
5680B48474647000000008005407ISABEL GALLARDO BUSTO                   2095019313101010362000000065001012100000005407CUOTA IDIOMAS DICIEMBRE 2010                    
5680B48474647000000008004066AITOR FERNANDEZ ALVAREZ                 2095006532101020096200000074001012100000004066CUOTA IDIOMAS DICIEMBRE 2010                    
5680B48474647000000008005023JON ANDER MONTERO GONZALEZ              2095009406101022656100000071001012100000005023CUOTA IDIOMAS DICIEMBRE 2010                    
5680B48474647000000008004176LAURA ALMAZAN GARCIA                    2095034989101024507400000074001012100000004176CUOTA IDIOMAS DICIEMBRE 2010                    
5680B48474647000000008005321ANDREA IGLESIAS GRIJALBA                2095008966101036626800000071001012100000005321CUOTA IDIOMAS DICIEMBRE 2010                    
5680B48474647000000008005537MARKEL DIEZ SAAVEDRA                    2095006530101062068000000047001012100000005537CUOTA IDIOMAS DICIEMBRE 2010                    
5680B48474647000000008005479ASIER SANCHEZ FERNANDEZ                 2095006530101062403900000065001012100000005479CUOTA IDIOMAS DICIEMBRE 2010                    
5680B48474647000000008005085OIER MURIEL ALVAREZ                     2095023820101073615500000055001012100000005085CUOTA IDIOMAS DICIEMBRE 2010                    
5680B48474647000000008005226ANDREA VILAR BARRIO                     2095009178101076278900000055001012100000005226CUOTA IDIOMAS DICIEMBRE 2010                    
5680B48474647000000008005591JOSU GONZALEZ HERBOSA                   2095019067101084892700000074001012100000005591CUOTA IDIOMAS DICIEMBRE 2010                    
5680B48474647000000008005556BORJA VIROSTA RUIZ                      2095018097101088804800000071001012100000005556CUOTA IDIOMAS DICIEMBRE 2010                    
5680B48474647000000008005497ARRATE SANTIAGO GARCIA                  2095025723101092420700000071001012100000005497CUOTA IDIOMAS DICIEMBRE 2010                    
5680B48474647000000008005074UNAI GANGOITI VILLAHOZ                  2095011999101097004400000071001012100000005074CUOTA IDIOMAS DICIEMBRE 2010                    
5680B48474647000000008005532IDURRE BLANCO MOME벤                    2095019065101102820500000071001012100000005532CUOTA IDIOMAS DICIEMBRE 2010                    
5680B48474647000000008005436RAISA MORALES GUTIERREZ                 2095006536101103928500000074001012100000005436CUOTA IDIOMAS DICIEMBRE 2010                    
5680B48474647000000008004689AITOR UGARTE GOMEZ                      2095006539101107905900000071001012100000004689CUOTA IDIOMAS DICIEMBRE 2010                    
5680B48474647000000008005448ZULEMA ORTEGA VIBORA                    2095009401101119298500000065001012100000005448CUOTA IDIOMAS DICIEMBRE 2010                    
5680B48474647000000008005429NOELIA DE MENA RAMOS                    2095038259101132667400000074001012100000005429CUOTA IDIOMAS DICIEMBRE 2010                    
5680B48474647000000008004593IRATI TABERNILLA SANCHEZ                2095006539101139311200000071001012100000004593CUOTA IDIOMAS DICIEMBRE 2010                    
5680B48474647000000008004684ZURIA TABERNILLA SANCHEZ                2095006539101139311200000071001012100000004684CUOTA IDIOMAS DICIEMBRE 2010                    
5680B48474647000000008005555BEATRIZ LOPEZ VILLANUEVA                2095005607205601235400000074001012100000005555CUOTA IDIOMAS DICIEMBRE 2010                    
5680B48474647000000008005598LUCIA DIA CALVO                         2095006493209800539000000047001012100000005598CUOTA IDIOMAS DICIEMBRE 2010                    
5680B48474647000000008003662ANDER ROY PEREDA                        2095006341219900364100000065001012100000003662CUOTA IDIOMAS DICIEMBRE 2010                    
5680B48474647000000008005444UXUE SAGARNA GONZALEZ                   2095000071220901659100000065001012100000005444CUOTA IDIOMAS DICIEMBRE 2010                    
5680B48474647000000008005481TAMARA ARROYO APARICIO                  2095009175380092243900000074001012100000005481CUOTA IDIOMAS DICIEMBRE 2010                    
5680B48474647000000008002901AMETS CORRAL GONZALEZ                   2095018701383017778200000074001012100000002901CUOTA IDIOMAS DICIEMBRE 2010                    
5680B48474647000000008005456AROA HIERRO CABRERA                     2095018667383029344800000047001012100000005456CUOTA IDIOMAS DICIEMBRE 2010                    
5680B48474647000000008005473NAIA ANSOTEGI RODRIGUEZ                 2095006532383036720400000047001012100000005473CUOTA IDIOMAS DICIEMBRE 2010                    
5680B48474647000000008004989ANDONI RENART VADO                      2095010003506002827100000074001012100000004989CUOTA IDIOMAS DICIEMBRE 2010                    
5680B48474647000000008004487GORKA ALTIERI RANEDO                    2095023824506007472800000071001012100000004487CUOTA IDIOMAS DICIEMBRE 2010                    
5680B48474647000000008004669PATRICIA PEREZ MARTINEZ                 2095023822506011621800000071001012100000004669CUOTA IDIOMAS DICIEMBRE 2010                    
5680B48474647000000008005296UNAI ANASAGASTI CERRATO                 2095037286750005152700000000001012100000005296CUOTA IDIOMAS DICIEMBRE 2010                    
5680B48474647000000008005558IKER I베RRITU RUIZ                      2095025681820025068100000074001012100000005558CUOTA IDIOMAS DICIEMBRE 2010                    
5680B48474647000000008005592VERONICA NIETO VAZQUEZ                  2095006680820068422700000074001012100000005592CUOTA IDIOMAS DICIEMBRE 2010                    
5680B48474647000000008004788HECTOR ANTRUEJO ESCALANTE               2095009170820104732800000074001012100000004788CUOTA IDIOMAS DICIEMBRE 2010                    
5680B48474647000000008005488NAHIKARI CARAZO NAVARRETE               2095006530820107426300000070001012100000005488CUOTA IDIOMAS DICIEMBRE 2010                    
5680B48474647000000008005529JOANA FERNANDEZ GONZALEZ                2095006530820109450100000074001012100000005529CUOTA IDIOMAS DICIEMBRE 2010                    
5680B48474647000000008001237AITOR ALEJANDRO AZKUNE                  2095006530820112174100000074001012100000001237CUOTA IDIOMAS DICIEMBRE 2010                    
5680B48474647000000008004493SARA RANILLA RODRIGUEZ                  2095009400820113614800000074001012100000004493CUOTA IDIOMAS DICIEMBRE 2010                    
5680B48474647000000008004833SARA ESCALERA ANZOLA                    2095023821900467789700000000001012100000004833CUOTA IDIOMAS DICIEMBRE 2010                    
5680B48474647000000008005288ASIER MANSILLA LOPE DE ARBINA           2095026654900697557700000071001012100000005288CUOTA IDIOMAS DICIEMBRE 2010                    
5680B48474647000000008005402LEYRE FERNANDEZ JIMENEZ                 2095018477900830583800000074001012100000005402CUOTA IDIOMAS DICIEMBRE 2010                    
5680B48474647000000008005457NOELIA MARTIN MERELAS                   2095008965900842012200000065001012100000005457CUOTA IDIOMAS DICIEMBRE 2010                    
5680B48474647000000008005289PALOMA MINAYO ANDRES                    2095006531900884171300000071001012100000005289CUOTA IDIOMAS DICIEMBRE 2010                    
5680B48474647000000008005431MIREN BATIRTZE BAYON GONZALEZ           2095006533900928961500000065001012100000005431CUOTA IDIOMAS DICIEMBRE 2010                    
5680B48474647000000008003347MIRIAN TORRONTEGUI AGUADO               2095019318900935569300000074001012100000003347CUOTA IDIOMAS DICIEMBRE 2010                    
5680B48474647000000008005325SARA ESTEBAN GOMEZ                      2095031390900942072000000055001012100000005325CUOTA IDIOMAS DICIEMBRE 2010                    
5680B48474647000000008005435I벨GO ESTEBAN GOMEZ                     2095031390900942072000000074001012100000005435CUOTA IDIOMAS DICIEMBRE 2010                    
5680B48474647000000008000894NEREA PEREZ SACRISTAN                   2095025722900942707400000074001012100000000894CUOTA IDIOMAS DICIEMBRE 2010                    
5680B48474647000000008005221BEATRIZ ALVAREZ MARTINEZ                2095006531900943385600000071001012100000005221CUOTA IDIOMAS DICIEMBRE 2010                    
5680B48474647000000008004969MIKEL JIMENEZ HERRERO                   2095018669900943755000000055001012100000004969CUOTA IDIOMAS DICIEMBRE 2010                    
5680B48474647000000008005523PAOLA MENDEZ URANGA                     2095010004900944170100000071001012100000005523CUOTA IDIOMAS DICIEMBRE 2010                    
5680B48474647000000008005565JANIRE CABALLERO MARTIN                 2095006532900944715600000074001012100000005565CUOTA IDIOMAS DICIEMBRE 2010                    
5680B48474647000000008004287TAMARA TERRON CUBERO                    2095018661900973973400000071001012100000004287CUOTA IDIOMAS DICIEMBRE 2010                    
5680B48474647000000008005508ADRIAN LAZCANO MOLDES                   2095006538901051296900000074001012100000005508CUOTA IDIOMAS DICIEMBRE 2010                    
5680B48474647000000008005204MARIA BELEN GABETE DEL PINO             2095006536901054284100000074001012100000005204CUOTA IDIOMAS DICIEMBRE 2010                    
5680B48474647000000008004881ANDER BENEITEZ ESCUDERO                 2095009407901054979000000071001012100000004881CUOTA IDIOMAS DICIEMBRE 2010                    
5680B48474647000000008004521ELENA MUNIOZGUREN ETXANIZ               2095006531901146848300000071001012100000004521CUOTA IDIOMAS DICIEMBRE 2010                    
5680B48474647000000008004294CLARA MONTES IJALBA                     2095023821901205359700000071001012100000004294CUOTA IDIOMAS DICIEMBRE 2010                    
5680B48474647000000008004777GORKA EGUINOA JIMENEZ                   2095023823901205813100000071001012100000004777CUOTA IDIOMAS DICIEMBRE 2010                    
5680B48474647000000008005316AINIZE MOREJON BAZ                      2095006499901348504100000055001012100000005316CUOTA IDIOMAS DICIEMBRE 2010                    
5680B48474647000000008005472MIKEL HIDALGO RAMIREZ                   2095005600901505876000000071001012100000005472CUOTA IDIOMAS DICIEMBRE 2010                    
5680B48474647000000008005507ALBA CASTRO LOSADA                      2095009404901615199200000065001012100000005507CUOTA IDIOMAS DICIEMBRE 2010                    
5680B48474647000000008005091ALVARO PEREZ FERRERAS                   2095006535901745228700000055001012100000005091CUOTA IDIOMAS DICIEMBRE 2010                    
5680B48474647000000008005312ENDIKA MARQUEZ ULLA                     2095006535901745757200000055001012100000005312CUOTA IDIOMAS DICIEMBRE 2010                    
5680B48474647000000008005228JOSEBA DE VALLES FERNANDEZ              2095008969901746061100000065001012100000005228CUOTA IDIOMAS DICIEMBRE 2010                    
5680B48474647000000008004706IKER HERNANSANZ LORENZO                 2095025723901746218500000071001012100000004706CUOTA IDIOMAS DICIEMBRE 2010                    
5680B48474647000000008005189MARINA PONCELA GARCIA                   2095018661901746246100000071001012100000005189CUOTA IDIOMAS DICIEMBRE 2010                    
5680B48474647000000008005323DIEGO PONCELA GARCIA                    2095018661901746246100000055001012100000005323CUOTA IDIOMAS DICIEMBRE 2010                    
5680B48474647000000008005455UNAI LUQUE MORALES                      2095006531901746687300000047001012100000005455CUOTA IDIOMAS DICIEMBRE 2010                    
5680B48474647000000008005515ANDREA GALAN PEREZ                      2095008961901746779900000065001012100000005515CUOTA IDIOMAS DICIEMBRE 2010                    
5680B48474647000000008005178ESTHER LOPEZ SANCHEZ                    2095006539901920141900000071001012100000005178CUOTA IDIOMAS DICIEMBRE 2010                    
5680B48474647000000008005493SONIA GOMEZ DIEZ                        2095018134901926886600000074001012100000005493CUOTA IDIOMAS DICIEMBRE 2010                    
5680B48474647000000008005496MARIA SANCHEZ MOSQUERA                  2095019315901928061100000065001012100000005496CUOTA IDIOMAS DICIEMBRE 2010                    
5680B48474647000000008005603IGOR DELGADO MARTIN                     2095018665901935789300000074001012100000005603CUOTA IDIOMAS DICIEMBRE 2010                    
5680B48474647000000008005281JON CAMPO LANDA                         2095018668901936823200000065001012100000005281CUOTA IDIOMAS DICIEMBRE 2010                    
5680B48474647000000008005453LUCIA SILVELA BERROCAL                  2095018664901937101200000047001012100000005453CUOTA IDIOMAS DICIEMBRE 2010                    
5680B48474647000000008005454ELENA SILVELA BERROCAL                  2095018664901937101200000047001012100000005454CUOTA IDIOMAS DICIEMBRE 2010                    
5680B48474647000000008005382UNAI ROCHA MARTINEZ                     2095009409901937114400000055001012100000005382CUOTA IDIOMAS DICIEMBRE 2010                    
5680B48474647000000008005542ANE ZABALA LOPEZ                        2095018667901937254000000000001012100000005542CUOTA IDIOMAS DICIEMBRE 2010                    
5680B48474647000000008005466MARIO ROMERO RODRIGUEZ                  2095008431901965493600000071001012100000005466CUOTA IDIOMAS DICIEMBRE 2010                    
5680B48474647000000008005499NAGORE MIGUEL PAVON                     2095019317901970647200000065001012100000005499CUOTA IDIOMAS DICIEMBRE 2010                    
5680B48474647000000008005461KEPA VIEITES BLAZQUEZ                   2095018660901991764300000055001012100000005461CUOTA IDIOMAS DICIEMBRE 2010                    
5680B48474647000000008005222UXUE NOVELLA ALVAREZ                    2095030278902115078800000055001012100000005222CUOTA IDIOMAS DICIEMBRE 2010                    
5680B48474647000000008005359IRANTZU ESCRIBANO ZUBIZARRETA           2095023259902116652800000055001012100000005359CUOTA IDIOMAS DICIEMBRE 2010                    
5680B48474647000000008005361UXUE ESCRIBANO ZUBIZARRETA              2095023259902116652800000071001012100000005361CUOTA IDIOMAS DICIEMBRE 2010                    
5680B48474647000000008004781GORKA MARQUES MARTINEZ                  2095023254902145431100000074001012100000004781CUOTA IDIOMAS DICIEMBRE 2010                    
5680B48474647000000008004995ENDIKA MARQUES MARTINEZ                 2095023254902145431100000071001012100000004995CUOTA IDIOMAS DICIEMBRE 2010                    
5680B48474647000000008005311LEIRE CALERO IGLESIAS                   2095018850902145508200000071001012100000005311CUOTA IDIOMAS DICIEMBRE 2010                    
5680B48474647000000008003133SERGIO GONZALEZ TEJERINA                2095023827902146161900000065001012100000003133CUOTA IDIOMAS DICIEMBRE 2010                    
5680B48474647000000008004968IKER PEREZ COLINO                       2095031397902146253400000055001012100000004968CUOTA IDIOMAS DICIEMBRE 2010                    
5680B48474647000000008005187IKER ALMEIDA RANEDO                     2095018663902146357300000065001012100000005187CUOTA IDIOMAS DICIEMBRE 2010                    
5680B48474647000000008005186EDER VICO FUENTE                        2095023821902146909100000065001012100000005186CUOTA IDIOMAS DICIEMBRE 2010                    
5680B48474647000000008005449CLARA SAN SEBASTIAN URRESTIZABALA       2095018661902235730100000065001012100000005449CUOTA IDIOMAS DICIEMBRE 2010                    
5680B48474647000000008004871LEIRE SALVADOR GUISAN                   2095009409902235769600000071001012100000004871CUOTA IDIOMAS DICIEMBRE 2010                    
5680B48474647000000008005119ANDREA MERINO CASQUERO                  2095000799902236187100000047001012100000005119CUOTA IDIOMAS DICIEMBRE 2010                    
5680B48474647000000008005360LAURA MARTINEZ ZAMORA                   2095008628902236346700000065001012100000005360CUOTA IDIOMAS DICIEMBRE 2010                    
5680B48474647000000008005396LEIRE MINGUEZ LOPEZ                     2095006342902369858600000071001012100000005396CUOTA IDIOMAS DICIEMBRE 2010                    
5680B48474647000000008005530ENDIKA MINGUEZ LOPEZ                    2095006342902369858600000065001012100000005530CUOTA IDIOMAS DICIEMBRE 2010                    
5680B48474647000000008005521SELENE LOPEZ URANGA                     2095031815902380410600000065001012100000005521CUOTA IDIOMAS DICIEMBRE 2010                    
5680B48474647000000008005339ASIER POLLAN CLAVERO                    2095008628902381371700000065001012100000005339CUOTA IDIOMAS DICIEMBRE 2010                    
5680B48474647000000008004852ALEJANDRO PEREZ MARTIN                  2095009400902437451200000055001012100000004852CUOTA IDIOMAS DICIEMBRE 2010                    
5680B48474647000000008004854LAURA BLANCO QUINTELA                   2095010000902450711300000055001012100000004854CUOTA IDIOMAS DICIEMBRE 2010                    
5680B48474647000000008005535IZARO BENITO ARANA                      2095006535902450806300000047001012100000005535CUOTA IDIOMAS DICIEMBRE 2010                    
5680B48474647000000008005314SAIOA CORCUERA ASTUDILLO                2095018663902450877200000047001012100000005314CUOTA IDIOMAS DICIEMBRE 2010                    
5680B48474647000000008005386XABIER HUESO GARCIA                     2095006538902451054800000055001012100000005386CUOTA IDIOMAS DICIEMBRE 2010                    
5680B48474647000000008005458ANDREA BOMBIN REBOLLO                   2095008962902464858200000055001012100000005458CUOTA IDIOMAS DICIEMBRE 2010                    
5680B48474647000000008004290NEREA RUIZ LOPEZ                        2095004785902475544300000074001012100000004290CUOTA IDIOMAS DICIEMBRE 2010                    
5680B48474647000000008005197OIHANE GARCIA MATEO                     2095001801902485647900000055001012100000005197CUOTA IDIOMAS DICIEMBRE 2010                    
5680B48474647000000008005503ITXASO ARTIGAU GOROSTIZAGA              2095006531902485808100000047001012100000005503CUOTA IDIOMAS DICIEMBRE 2010                    
5680B48474647000000008005504UXUE ARTIGAU GOROSTIZAGA                2095006531902485808100000055001012100000005504CUOTA IDIOMAS DICIEMBRE 2010                    
5680B48474647000000008004868ALBA ORTEGA ALVAREZ                     2095006539902489759100000055001012100000004868CUOTA IDIOMAS DICIEMBRE 2010                    
5680B48474647000000008005066ZURI벤 SANCHEZ MARTIN                   2095008962902503360300000065001012100000005066CUOTA IDIOMAS DICIEMBRE 2010                    
5680B48474647000000008005547ARANTXA HERNANDEZ MACHADO               2095006534902503367100000074001012100000005547CUOTA IDIOMAS DICIEMBRE 2010                    
5680B48474647000000008005274JOHN WILFRED SAGOE BALADRON             2095018470902509418100000071001012100000005274CUOTA IDIOMAS DICIEMBRE 2010                    
5680B48474647000000008005519IRENE PEREZ FERRERO                     2095006538902537789200000065001012100000005519CUOTA IDIOMAS DICIEMBRE 2010                    
5680B48474647000000008004477MAITANE ROURE CUETOS                    2095023821902546747600000074001012100000004477CUOTA IDIOMAS DICIEMBRE 2010                    
5680B48474647000000008005593MARKEL PICADO ORTIZ                     2095032931902564990600000065001012100000005593CUOTA IDIOMAS DICIEMBRE 2010                    
5680B48474647000000008005415IRENE GARCIA MATESANZ                   2095006533902573664700000055001012100000005415CUOTA IDIOMAS DICIEMBRE 2010                    
5680B48474647000000008005092DAVID SANTOS CABALLERO                  2095000072902575474200000055001012100000005092CUOTA IDIOMAS DICIEMBRE 2010                    
5680B48474647000000008005341JOSEBA LLORDEN MARTINEZ                 2095006530910007949600000065001012100000005341CUOTA IDIOMAS DICIEMBRE 2010                    
5680B48474647000000008000662ROBERTO SENDIN BOREA                    2095025720910008804200000074001012100000000662CUOTA IDIOMAS DICIEMBRE 2010                    
5680B48474647000000008005544JANIRE RENOBALES TRONCOSO               2095018661910034950100000074001012100000005544CUOTA IDIOMAS DICIEMBRE 2010                    
5680B48474647000000008005525ARRATE SANZ HERRERA                     2095008050910043437800000070001012100000005525CUOTA IDIOMAS DICIEMBRE 2010                    
5680B48474647000000008005578ASIER LOPEZ LOBATO                      2095006530910127933900000074001012100000005578CUOTA IDIOMAS DICIEMBRE 2010                    
5680B48474647000000008004894ARRATE SANTAMARIA SEBASTIAN             2095011120910143651800000071001012100000004894CUOTA IDIOMAS DICIEMBRE 2010                    
5680B48474647000000008005265AITOR SANTAMARIA SEBASTIAN              2095011120910143651800000065001012100000005265CUOTA IDIOMAS DICIEMBRE 2010                    
5680B48474647000000008005088JENNIFER DIAZ CUETOS                    2095006531910147901100000065001012100000005088CUOTA IDIOMAS DICIEMBRE 2010                    
5680B48474647000000008005601NAIARA PARRA HERNANDEZ                  2095004820910183534700000074001012100000005601CUOTA IDIOMAS DICIEMBRE 2010                    
5680B48474647000000008005425IRIA RODRIGUEZ NAVAS                    2095006530910199224000000065001012100000005425CUOTA IDIOMAS DICIEMBRE 2010                    
5680B48474647000000008004523SARAI RAMOS GELADO                      2095019310910212959600000071001012100000004523CUOTA IDIOMAS DICIEMBRE 2010                    
5680B48474647000000008005084ANDER RAMOS GELADO                      2095019310910212959600000055001012100000005084CUOTA IDIOMAS DICIEMBRE 2010                    
5680B48474647000000008005446KATIA ALOR ARIN                         2095006531910243853100000065001012100000005446CUOTA IDIOMAS DICIEMBRE 2010                    
5680B48474647000000008005531EIDER LOPEZ CASADO                      2095009400910249580800000047001012100000005531CUOTA IDIOMAS DICIEMBRE 2010                    
5680B48474647000000008005536DAVID REINA FRIAS                       2095018660910260034700000047001012100000005536CUOTA IDIOMAS DICIEMBRE 2010                    
5680B48474647000000008002877ZOHARTZE MONTEAGUDO SANCHO              2095025720910266703700000074001012100000002877CUOTA IDIOMAS DICIEMBRE 2010                    
5680B48474647000000008002096ZIORTZA ALKORTA ANTON                   2095006530910266953000000074001012100000002096CUOTA IDIOMAS DICIEMBRE 2010                    
5680B48474647000000008005069ANDER ETXEBARRIA GALLASTEGI             2095006530910306741700000065001012100000005069CUOTA IDIOMAS DICIEMBRE 2010                    
5680B48474647000000008002760NAGORE DELGADO DIAZ                     2095006530910311462700000074001012100000002760CUOTA IDIOMAS DICIEMBRE 2010                    
5680B48474647000000008005250YULIYA KUTEYNYKOVA                      2095038250910313287000000074001012100000005250CUOTA IDIOMAS DICIEMBRE 2010                    
5680B48474647000000008004027OSCAR LOPEZ MECO                        2095023251910319884100000074001012100000004027CUOTA IDIOMAS DICIEMBRE 2010                    
5680B48474647000000008005564JON ANDONI MATURANA LOPEZ               2095006531910324402100000047001012100000005564CUOTA IDIOMAS DICIEMBRE 2010                    
5680B48474647000000008005090GRACE THAGATHA DE OLIVEIRA PRESTES      2095006530910325125900000065001012100000005090CUOTA IDIOMAS DICIEMBRE 2010                    
5680B48474647000000008005566ICIAR CALVO DOAMO                       2095006340910334674800000074001012100000005566CUOTA IDIOMAS DICIEMBRE 2010                    
5680B48474647000000008005580IRAIA GIL RENEDO                        2095008960910352314100000074001012100000005580CUOTA IDIOMAS DICIEMBRE 2010                    
5680B48474647000000008005148AMAGOIA TAPIA SAEZ                      2095006530910356941900000074001012100000005148CUOTA IDIOMAS DICIEMBRE 2010                    
5680B48474647000000008005527ARANZAZU SAEZ ROSON                     2095009550910365519800000074001012100000005527CUOTA IDIOMAS DICIEMBRE 2010                    
5680B48474647000000008005585AMAIA VAZQUEZ HERRERO                   2095008770910384529500000074001012100000005585CUOTA IDIOMAS DICIEMBRE 2010                    
5680B48474647000000008005235QUIN YANG YANG                          2095006530910384808700000065001012100000005235CUOTA IDIOMAS DICIEMBRE 2010                    
5680B48474647000000008005462ANDER ZABALA VILA                       2095006530910388899400000047001012100000005462CUOTA IDIOMAS DICIEMBRE 2010                    
5680B48474647000000008004801BORJA MARTINEZ MARTINEZ                 2095009400910390517200000071001012100000004801CUOTA IDIOMAS DICIEMBRE 2010                    
5680B48474647000000008005559MARIA INES DIEZ GOMEZ                   2095002730910401425600000074001012100000005559CUOTA IDIOMAS DICIEMBRE 2010                    
5680B48474647000000008005560JON RUIZ GOMEZ                          2095002730910401425600000074001012100000005560CUOTA IDIOMAS DICIEMBRE 2010                    
5680B48474647000000008005512ASIER BERDUGO YUBERO                    2095025720910413022200000074001012100000005512CUOTA IDIOMAS DICIEMBRE 2010                    
5680B48474647000000008005378GABIREL RODRIGUEZ ARECHINOLAZA          2095025720910437291500000055001012100000005378CUOTA IDIOMAS DICIEMBRE 2010                    
5680B48474647000000008004505DAVID MARTINEZ DIAZ                     2095018660910473569700000074001012100000004505CUOTA IDIOMAS DICIEMBRE 2010                    
5680B48474647000000008005526AINGERU ALONSO ZUBIZARRETA              2095001760910479811600000047001012100000005526CUOTA IDIOMAS DICIEMBRE 2010                    
5680B48474647000000008005238SELENE BARRIENTOS SANCHO                2095008770910491038000000074001012100000005238CUOTA IDIOMAS DICIEMBRE 2010                    
5680B48474647000000008005576MARCO ANTHONY MARCILLO MU벮Z            2095019310910505284000000055001012100000005576CUOTA IDIOMAS DICIEMBRE 2010                    
5680B48474647000000008005477ROSA MARIA MARTI RIVAS                  2095018660910512058500000074001012100000005477CUOTA IDIOMAS DICIEMBRE 2010                    
5680B48474647000000008005223JOSEBA GORKA FERREIRO LOPEZ             2095006530910512344000000065001012100000005223CUOTA IDIOMAS DICIEMBRE 2010                    
5680B48474647000000008005156PEIO ALKORTA IGLESIAS                   2095018660910552128000000074001012100000005156CUOTA IDIOMAS DICIEMBRE 2010                    
5680B48474647000000008005218LUCIANA ISABEL PEINADO FERNANDEZ        2095006530910636201900000055001012100000005218CUOTA IDIOMAS DICIEMBRE 2010                    
5680B48474647000000008005484DIEGO FERNANDEZ DE BOBADIL FERNANDEZ    2095002200910652126700000000001012100000005484CUOTA IDIOMAS DICIEMBRE 2010                    
5680B48474647000000008004297NAIARA MARTINEZ QUINTANA                2095018660910668033900000071001012100000004297CUOTA IDIOMAS DICIEMBRE 2010                    
5680B48474647000000008005064EDURNE MARTINEZ QUINTANA                2095018660910668033900000055001012100000005064CUOTA IDIOMAS DICIEMBRE 2010                    
5680B48474647000000008005487GORKA UNANUE LASALA                     2095006530910693485200000074001012100000005487CUOTA IDIOMAS DICIEMBRE 2010                    
5680B48474647000000008005581GOIZEDER GARAIZABAL GONZALEZ            2095006340910708440700000074001012100000005581CUOTA IDIOMAS DICIEMBRE 2010                    
5680B48474647000000008005483ERLANTZ CALO MARTIN                     2095031771910734505100000047001012100000005483CUOTA IDIOMAS DICIEMBRE 2010                    
5680B48474647000000008005447AMAGOIA RUIZ MARTIN                     2095008620910756290700000065001012100000005447CUOTA IDIOMAS DICIEMBRE 2010                    
5680B48474647000000008005546OLGA MARTIN RUIZ                        2095008620910756290700000074001012100000005546CUOTA IDIOMAS DICIEMBRE 2010                    
5680B48474647000000008005336VALERIA ESTEFANIA ANRANGO QUISILENA     2095003910910759700500000065001012100000005336CUOTA IDIOMAS DICIEMBRE 2010                    
5680B48474647000000008005337VINICIO JAVIER ANRANGO QUISILENA        2095003910910759700500000055001012100000005337CUOTA IDIOMAS DICIEMBRE 2010                    
5680B48474647000000008005149MANUEL CEREZO SIMON                     2095006531910793857100000055001012100000005149CUOTA IDIOMAS DICIEMBRE 2010                    
5680B48474647000000008005471ALBA IZQUIERDO GILA                     2095006530910800832400000055001012100000005471CUOTA IDIOMAS DICIEMBRE 2010                    
5680B48474647000000008005331IRUNE SANCHEZ RODRIGUEZ                 2095006530910858208700000047001012100000005331CUOTA IDIOMAS DICIEMBRE 2010                    
5680B48474647000000008004903VERONICA SANTOS ARCONADA                2095006530910939931800000074001012100000004903CUOTA IDIOMAS DICIEMBRE 2010                    
5680B48474647000000008005568BELEN SANCHEZ CASTILLO                  2095006530910947028700000074001012100000005568CUOTA IDIOMAS DICIEMBRE 2010                    
5680B48474647000000008005587AQUILINO CAMARON RORIGUEZ               2095008960911000843500000074001012100000005587CUOTA IDIOMAS DICIEMBRE 2010                    
5680B48474647000000008005595ALBA ECHEVERRIA SALAZAR                 2095018130911048406300000074001012100000005595CUOTA IDIOMAS DICIEMBRE 2010                    
5680B48474647000000008005573ISMAEL MEDRANO LOPEZ                    2100399717010000810000000074001012100000005573CUOTA IDIOMAS DICIEMBRE 2010                    
5680B48474647000000008005334LEIRE BARREIRA FRANCISCO                2100795844010001128600000047001012100000005334CUOTA IDIOMAS DICIEMBRE 2010                    
5680B48474647000000008005381JAGOBA BARATA CABEZUDO                  2100399712010002575900000065001012100000005381CUOTA IDIOMAS DICIEMBRE 2010                    
5680B48474647000000008005567KIMETZ MARTINEZ JORDAN                  2100625345010002987400000074001012100000005567CUOTA IDIOMAS DICIEMBRE 2010                    
5680B48474647000000008005599ITXASNE FERNANDEZ OSORIO                2100100082010005113700000047001012100000005599CUOTA IDIOMAS DICIEMBRE 2010                    
5680B48474647000000008005330GUILLERMO IZQUIERDO SANCHEZ             2100583592010006576000000074001012100000005330CUOTA IDIOMAS DICIEMBRE 2010                    
5680B48474647000000008005163JIANG PENG MA                           2100298492010007391700000055001012100000005163CUOTA IDIOMAS DICIEMBRE 2010                    
5680B48474647000000008005517JIANG MING MA                           2100298492010007391700000047001012100000005517CUOTA IDIOMAS DICIEMBRE 2010                    
5680B48474647000000008005586JOAN LOZANO PANIEGO                     2100470702010008621900000074001012100000005586CUOTA IDIOMAS DICIEMBRE 2010                    
5680B48474647000000008004701ALBERTO SANCHEZ ALVAREZ                 2100155551010012118000000065001012100000004701CUOTA IDIOMAS DICIEMBRE 2010                    
5680B48474647000000008005502MARIA TEJERO ARES                       2100298211010013825800000055001012100000005502CUOTA IDIOMAS DICIEMBRE 2010                    
5680B48474647000000008004492IRUNE ROY PEREDA                        2100298217010016309800000071001012100000004492CUOTA IDIOMAS DICIEMBRE 2010                    
5680B48474647000000008005007AINARA TORRE GAYO                       2100155612010018451400000055001012100000005007CUOTA IDIOMAS DICIEMBRE 2010                    
5680B48474647000000008005443ASIER TORRE GAYO                        2100155612010018451400000047001012100000005443CUOTA IDIOMAS DICIEMBRE 2010                    
5680B48474647000000008005513MIRARI MARTIN DOCASAL                   2100298216010018537300000065001012100000005513CUOTA IDIOMAS DICIEMBRE 2010                    
5680B48474647000000008001165AIDA ARANA GUTIERREZ                    2100155615010031504900000074001012100000001165CUOTA IDIOMAS DICIEMBRE 2010                    
5680B48474647000000008005494NAROA FULLAONDO ATXURRA                 2100155616010039175200000047001012100000005494CUOTA IDIOMAS DICIEMBRE 2010                    
5680B48474647000000008005597CLARITZA DEL CARMEN DE LA CRUZ          2100155409010045195500000070001012100000005597CUOTA IDIOMAS DICIEMBRE 2010                    
5680B48474647000000008005344OLATZ MARTINEZ MORENO                   2100170370010046892500000047001012100000005344CUOTA IDIOMAS DICIEMBRE 2010                    
5680B48474647000000008005463BOSCO ARRONDO INSAUSTI                  2100155612010052230000000047001012100000005463CUOTA IDIOMAS DICIEMBRE 2010                    
5680B48474647000000008004860ESTEFANIA BOMBIN SEGURADO               2100155613010053794000000065001012100000004860CUOTA IDIOMAS DICIEMBRE 2010                    
5680B48474647000000008005583ESTEFANIA BOMBIN SEGURADO               2100155613010053794000000070001012100000005583CUOTA IDIOMAS DICIEMBRE 2010                    
5680B48474647000000008003604ITZIAR HERNANDEZ FERNANDEZ              2100155615010055928500000074001012100000003604CUOTA IDIOMAS DICIEMBRE 2010                    
5680B48474647000000008005362ALDER SANCHEZ CARRERAS                  2100155616010056593900000047001012100000005362CUOTA IDIOMAS DICIEMBRE 2010                    
5680B48474647000000008005534ALAZNE GARCIA HIERRO                    2100155619010059008800000047001012100000005534CUOTA IDIOMAS DICIEMBRE 2010                    
5680B48474647000000008004961ENERITZ DELGADO GONZALEZ                2100155619010059180300000065001012100000004961CUOTA IDIOMAS DICIEMBRE 2010                    
5680B48474647000000008004494ASIER SOTO HERAS                        2100155617010067628500000074001012100000004494CUOTA IDIOMAS DICIEMBRE 2010                    
5680B48474647000000008005572ROBERTO MU벮Z FERNANDEZ                 2100155551010067820000000074001012100000005572CUOTA IDIOMAS DICIEMBRE 2010                    
5680B48474647000000008004809ANNE BILBAO PENAS                       2100466850020000028400000071001012100000004809CUOTA IDIOMAS DICIEMBRE 2010                    
5680B48474647000000008005459AINHOA BILBAO PENAS                     2100466850020000028400000055001012100000005459CUOTA IDIOMAS DICIEMBRE 2010                    
5680B48474647000000008005400MARIA LUCILA MUNDUATE TANDI             2100155611200102327100000074001012100000005400CUOTA IDIOMAS DICIEMBRE 2010                    
5680B48474647000000008005522JANIRE PE베 SANCHEZ                     2100422810210002761000000065001012100000005522CUOTA IDIOMAS DICIEMBRE 2010                    
5680B48474647000000008004708CHRISTIAN VICARIA FERNANDEZ             2100486788210004371200000071001012100000004708CUOTA IDIOMAS DICIEMBRE 2010                    
5680B48474647000000008005460RAQUEL ITURRALDE SANCHEZ                2100425111210004512700000055001012100000005460CUOTA IDIOMAS DICIEMBRE 2010                    
5680B48474647000000008005364ADRIAN BARBERO LOPEZ                    2100425116210007019300000047001012100000005364CUOTA IDIOMAS DICIEMBRE 2010                    
5680B48474647000000008005309ITXASO SANCHEZ DOMINGO                  2100422817210013324000000071001012100000005309CUOTA IDIOMAS DICIEMBRE 2010                    
5680B48474647000000008005347MIKEL GARCIA VIEIRA                     2100425118210014696100000055001012100000005347CUOTA IDIOMAS DICIEMBRE 2010                    
5680B48474647000000008005116CRISTINA SANCHEZ LOPEZ-PARA             2100376876210015197300000071001012100000005116CUOTA IDIOMAS DICIEMBRE 2010                    
5680B48474647000000008004842IVAN ALISEDA GONZALEZ                   2100376870210015895000000065001012100000004842CUOTA IDIOMAS DICIEMBRE 2010                    
5680B48474647000000008005220SARA ALISEDA GONZALEZ                   2100376870210015895000000055001012100000005220CUOTA IDIOMAS DICIEMBRE 2010                    
5680B48474647000000008005541JESUS MORETA SUAREZ                     2100376874210025277700000074001012100000005541CUOTA IDIOMAS DICIEMBRE 2010                    
5680B48474647000000008005015ANDER VIGUERA GALLEGO                   2100425455220000292200000071001012100000005015CUOTA IDIOMAS DICIEMBRE 2010                    
5680B48474647000000008005089IDOIA VIGUERA GALLEGO                   2100425455220000292200000055001012100000005089CUOTA IDIOMAS DICIEMBRE 2010                    
5680B48474647000000008005562MARIA ISABEL TORRES TABOADA             2100461029220002959700000074001012100000005562CUOTA IDIOMAS DICIEMBRE 2010                    
5680B48474647000000008005474MIREIA BLANCO FULLAONDO                 3008024373194578361900000047001012100000005474CUOTA IDIOMAS DICIEMBRE 2010                    
5680B48474647000000008005550LUCIA OLALDE RAMOS                      3035001465014111508100000074001012100000005550CUOTA IDIOMAS DICIEMBRE 2010                    
5680B48474647000000008005539JOSU CALVO AURREKOETXEA                 3035003020030107821600000071001012100000005539CUOTA IDIOMAS DICIEMBRE 2010                    
5680B48474647000000008001379ESTIBALIZ ALCORTA ANTON                 3035003026030114373800000074001012100000001379CUOTA IDIOMAS DICIEMBRE 2010                    
5680B48474647000000008005516RAQUEL BASTERRETXEA CANTA               3035003551035000655600000071001012100000005516CUOTA IDIOMAS DICIEMBRE 2010                    
5680B48474647000000008005511SANDRA ESCURZA VAZQUEZ                  3035003553035003068300000074001012100000005511CUOTA IDIOMAS DICIEMBRE 2010                    
5680B48474647000000008005571ANGEL PEREZ ALMAZAN                     3035003552035004638700000074001012100000005571CUOTA IDIOMAS DICIEMBRE 2010                    
5680B48474647000000008005475MARIA TERESA SANCHEZ-CAMACHO CLEMENTE   3035003554035005904600000074001012100000005475CUOTA IDIOMAS DICIEMBRE 2010                    
5680B48474647000000008004390MAITANE MENDIOLA CABRERA                3035003551035006443300000074001012100000004390CUOTA IDIOMAS DICIEMBRE 2010                    
5680B48474647000000008004389ASIER SUAREZ ZORRILLA                   3035003553035070713000000074001012100000004389CUOTA IDIOMAS DICIEMBRE 2010                    
5680B48474647000000008004797LEIRE SUAREZ ZORRILLA                   3035003553035070713000000063001012100000004797CUOTA IDIOMAS DICIEMBRE 2010                    
5680B48474647000000008005060OLAIA LUCAS JIMENEZ                     3035003553035107448600000074001012100000005060CUOTA IDIOMAS DICIEMBRE 2010                    
5680B48474647000000008003477ENEKO ROSETE PERFECTO                   3035003551035107678900000074001012100000003477CUOTA IDIOMAS DICIEMBRE 2010                    
5680B48474647000000008005246EDURNE ROSETE PERFECTO                  3035003551035107678900000074001012100000005246CUOTA IDIOMAS DICIEMBRE 2010                    
5680B48474647000000008005206LEIRE GONZALVO SENARRIAGA               3035003559035108018000000071001012100000005206CUOTA IDIOMAS DICIEMBRE 2010                    
5680B48474647000000008005293ISKANDER GANDOY PACHECO                 3035003555035108039700000055001012100000005293CUOTA IDIOMAS DICIEMBRE 2010                    
5680B48474647000000008005569ITXASO DIAZ PEREZ                       3035003552035109848600000071001012100000005569CUOTA IDIOMAS DICIEMBRE 2010                    
5680B48474647000000008005570OLATZ DIAZ PEREZ                        3035003552035109848600000071001012100000005570CUOTA IDIOMAS DICIEMBRE 2010                    
5680B48474647000000008005070SERGIO LOPEZ GONZALEZ                   3035003551035110233000000055001012100000005070CUOTA IDIOMAS DICIEMBRE 2010                    
5680B48474647000000008005301JUAN CARLOS BAEZ MILLAN                 3035003557035110236300000055001012100000005301CUOTA IDIOMAS DICIEMBRE 2010                    
5680B48474647000000008004757UXUE BARCIELA RODRIGUEZ                 3035003557035110403500000071001012100000004757CUOTA IDIOMAS DICIEMBRE 2010                    
5680B48474647000000008005207AINHOA GUERRERO BASTERRETXEA            3035003551035111855100000071001012100000005207CUOTA IDIOMAS DICIEMBRE 2010                    
5680B48474647000000008005464AITZOL ARKOTXA SENARRIAGA               3035003551035112104700000047001012100000005464CUOTA IDIOMAS DICIEMBRE 2010                    
5680B48474647000000008004696NAGORE GOMEZ LOPEZ                      3035003553035112779500000065001012100000004696CUOTA IDIOMAS DICIEMBRE 2010                    
5680B48474647000000008005563PAULA LOPEZ TAPIOLES                    3035003553035112822000000047001012100000005563CUOTA IDIOMAS DICIEMBRE 2010                    
5680B48474647000000008004858AINTZANE RUEDA MARTINEZ                 3035003554035113023600000055001012100000004858CUOTA IDIOMAS DICIEMBRE 2010                    
5680B48474647000000008005076MARIA PARDO SALGADO                     3035003557035113184200000065001012100000005076CUOTA IDIOMAS DICIEMBRE 2010                    
5680B48474647000000008005590MARIA VICTORIA SAIZ GOMEZ               3035003555035113777400000074001012100000005590CUOTA IDIOMAS DICIEMBRE 2010                    
5680B48474647000000008005307IZARO ZURINAGA SALGUERO                 3035003554035114848400000047001012100000005307CUOTA IDIOMAS DICIEMBRE 2010                    
5680B48474647000000008005210ELEDER CRESPO LOPEZ                     3035003557035115195800000047001012100000005210CUOTA IDIOMAS DICIEMBRE 2010                    
5680B48474647000000008005350CRISTINA CALLEJO GALLEGO                3035003555035115525500000065001012100000005350CUOTA IDIOMAS DICIEMBRE 2010                    
5680B48474647000000008005482ANDREA HERRERO BARBERO                  3035003556035116240600000065001012100000005482CUOTA IDIOMAS DICIEMBRE 2010                    
5680B48474647000000008005441ASIER GARCIA GARCIA                     3035006231062105391100000071001012100000005441CUOTA IDIOMAS DICIEMBRE 2010                    
5680B48474647000000008004690GAIZKA GOMEZ PRIETO                     3035006233062106747100000055001012100000004690CUOTA IDIOMAS DICIEMBRE 2010                    
5680B48474647000000008005501IBONE RUBIO SANCHEZ-PAJARES             3035006232062107588100000071001012100000005501CUOTA IDIOMAS DICIEMBRE 2010                    
5680B48474647000000008004967NEREA BERLANGA ZALBIDEA                 3035006234062108984600000055001012100000004967CUOTA IDIOMAS DICIEMBRE 2010                    
5680B48474647000000008005596MARIA CRISTINA VALTIERRA GONZALEZ       3035006233062111380600000074001012100000005596CUOTA IDIOMAS DICIEMBRE 2010                    
5680B48474647000000008004592ALVARO DIAZ RODRIGUEZ                   3035008135081104153100000071001012100000004592CUOTA IDIOMAS DICIEMBRE 2010                    
5680B48474647000000008004972GONZALO ROBLEDO PRIETO                  3035008519085105375800000055001012100000004972CUOTA IDIOMAS DICIEMBRE 2010                    
5680B48474647000000008004670JESSICA CAJIGAS BLANCO                  3035009597095108822100000071001012100000004670CUOTA IDIOMAS DICIEMBRE 2010                    
5680B48474647000000008005317LEIRE CAJIGAS BLANCO                    3035009597095108822100000047001012100000005317CUOTA IDIOMAS DICIEMBRE 2010                    
5680B48474647000000008005551ANOUSCHKA PRIETO AGUILAR                3035010951109001673300000074001012100000005551CUOTA IDIOMAS DICIEMBRE 2010                    
5680B48474647000000008004314NEREA UGARTETXEA FERNANDEZ              3035010953109102384400000071001012100000004314CUOTA IDIOMAS DICIEMBRE 2010                    
5680B48474647000000008004780IRATI UGARTETXEA FERNANDEZ              3035010953109102384400000065001012100000004780CUOTA IDIOMAS DICIEMBRE 2010                    
5680B48474647000000008005332MAIALEN FERNANDEZ LOMBERA               3035010953109104767100000055001012100000005332CUOTA IDIOMAS DICIEMBRE 2010                    
5680B48474647000000008005505NEREA GUISADO MARTIN                    3035010952109105004200000065001012100000005505CUOTA IDIOMAS DICIEMBRE 2010                    
5680B48474647000000008005345JOSEBA UNZUETA HERNANDEZ                3035016993169070131200000055001012100000005345CUOTA IDIOMAS DICIEMBRE 2010                    
5680B48474647000000008005383ANDONI UNZUETA HERNANDEZ                3035016993169070131200000047001012100000005383CUOTA IDIOMAS DICIEMBRE 2010                    
5680B48474647000000008005524BORJA PAZ IBINAGA                       3035016990169100374700000065001012100000005524CUOTA IDIOMAS DICIEMBRE 2010                    
5680B48474647000000008005306GOIZEDER URREIZTIETA MOYA               3035018029180102112200000047001012100000005306CUOTA IDIOMAS DICIEMBRE 2010                    
5680B48474647000000008005514VICTORIA FLORENCIO MELLID               3035019334193000035100000070001012100000005514CUOTA IDIOMAS DICIEMBRE 2010                    
5680B48474647000000008002765DIEGO DOMINGO RUIZ                      3035019332193001530200000074001012100000002765CUOTA IDIOMAS DICIEMBRE 2010                    
5680B48474647000000008005399NEREA MARTINEZ REBOLLO                  3035019338193100323400000055001012100000005399CUOTA IDIOMAS DICIEMBRE 2010                    
5680B48474647000000008005335GALINA BUSHMAN                          3035019333193100531900000055001012100000005335CUOTA IDIOMAS DICIEMBRE 2010                    
5680B48474647000000008005398MAIALEN RAMOS SANCHEZ                   3035019337193100735700000055001012100000005398CUOTA IDIOMAS DICIEMBRE 2010                    
5680B48474647000000008005065JULEN SANTOS DE CASAS                   3035019336193100891800000071001012100000005065CUOTA IDIOMAS DICIEMBRE 2010                    
5680B48474647000000008005310AINARA VALVERDE DE MINGO                3035019334193100893000000071001012100000005310CUOTA IDIOMAS DICIEMBRE 2010                    
5680B48474647000000008004905GONTZAL JIMENEZ ZENIKACELAIA            3035019335193102278900000074001012100000004905CUOTA IDIOMAS DICIEMBRE 2010                    
5680B48474647000000008005202IRATI GARCIA GARCIA                     3035019331193103203400000071001012100000005202CUOTA IDIOMAS DICIEMBRE 2010                    
5680B48474647000000008005211JULEN SANZ ALBEIRA                      3035019337193103446300000047001012100000005211CUOTA IDIOMAS DICIEMBRE 2010                    
5680B48474647000000008004382ALAZNE DIEZ ABAD                        3035019331193104258500000071001012100000004382CUOTA IDIOMAS DICIEMBRE 2010                    
5680B48474647000000008005413SARA SOTO MARTINEZ                      3035020847208002181600000074001012100000005413CUOTA IDIOMAS DICIEMBRE 2010                    
5680B48474647000000008005322ANDER WAMBA DE LA SOTA                  3035022368223100644800000065001012100000005322CUOTA IDIOMAS DICIEMBRE 2010                    
5680B48474647000000008005445SOHARTZE FERNANDEZ MARTINEZ             3035023679236101336300000065001012100000005445CUOTA IDIOMAS DICIEMBRE 2010                    
5680B48474647000000008005349ANDREA VALCARCERL GARCIA                3035034680346100472700000047001012100000005349CUOTA IDIOMAS DICIEMBRE 2010                    
5680B48474647000000008005224JON CAMIRUAGA OLANO                     3084004442640000201300000065001012100000005224CUOTA IDIOMAS DICIEMBRE 2010                    
5680B48474647000000008005225IKER CAMIRUAGA OLANO                    3084004442640000201300000071001012100000005225CUOTA IDIOMAS DICIEMBRE 2010                    
5680B48474647000000008004761GORKA NIETO LOPEZ                       3084004440640004584700000074001012100000004761CUOTA IDIOMAS DICIEMBRE 2010                    
5680B48474647000000008005506AMAIA CORADA CABANELLAS                 3084004441640004724900000071001012100000005506CUOTA IDIOMAS DICIEMBRE 2010                    
5880B48474647000                                                                        0002640250      00000004160000000418                                      
5980B48474647000                                                    0001                0002640250      00000004160000000420                                      
